@inproceedings{Li_cross_view,
 author = {Ruonan Li and Todd Zickler},
 title = {Discriminative Virtual Views for Cross-view Action Recognition},
 booktitle = {Proceedings of the 2012 IEEE Conference on Computer Vision and Pattern Recognition (CVPR)},
 series = {CVPR '12},
 year = {2012},
 pages = {2855--2862}
 }  
 
 %%%%%
 
 @article{1979,
      title = {Sample Selection Bias as a Specification Error},
     author = {Heckman, James J.},
     journal = {Econometrica},
      volume = {47},
     number = {1},
     pages = {153-161},
     year = {1979}
    }
    
@INPROCEEDINGS{Zadrozny04,
    author = {Bianca Zadrozny},
    title = {Learning and Evaluating Classifiers under Sample Selection Bias},
    booktitle = {In International Conference on Machine Learning ICMLÕ04},
    year = {2004},
    pages = {903--910}
}

@incollection{Cortes,
year={2008},
booktitle={Algorithmic Learning Theory},
volume={5254},
title={Sample Selection Bias Correction Theory},
publisher={Springer Berlin Heidelberg},
author={Cortes, Corinna and Mohri, Mehryar and Riley, Michael and Rostamizadeh, Afshin},
pages={38-53}
}



@article{Shimodaira2000,
  author = {Shimodaira, Hidetoshi},
  journal = {Journal of Statistical Planning and Inference},
  month = Oct,
  number = 2,
  pages = {227--244},
  title = {Improving predictive inference under covariate shift by weighting the log-likelihood function},
  volume = 90,
  year = 2000
}

@Inbook {Gretton,
   title = {Covariate Shift by Kernel Mean Matching},
   year = {2009},
   month = {2},
   pages = {131-160},
   publisher = {MIT Press},
    booktitle = {Dataset Shift in Machine Learning},
   author = {Gretton, A and Smola, AJ and Huang, J and Schmittfull, M and Borgwardt, KM and Sch{\"o}lkopf, B}
}

@article{Bickel,
 author = {Bickel, Steffen and Br\"{u}ckner, Michael and Scheffer, Tobias},
 title = {Discriminative Learning Under Covariate Shift},
 journal = {J. Mach. Learn. Res.},
 volume = {10},
 month = dec,
 year = {2009},
 pages = {2137--2155}

} 

%%%%

@article{daumé2006domain,
  title={{Domain adaptation for statistical classifiers}},
  author={Daum{\'e} III, H. and Marcu, D.},
  journal={Journal of Artificial Intelligence Research},
  volume={26},
month="May",
  pages={101--126},
  year={2006}
}

@ARTICLE{pan_survey, 
author={Sinno Jialin Pan and Qiang Yang}, 
journal={IEEE Trans. Knowledge and Data Engineering}, title={A survey on transfer learning}, 
year={2010}, 
month="October" , 
volume={22}, 
pages={1345 -1359}
}

@article{HoffmanTDJSD13,
  author    = {Judy Hoffman and
               Eric Tzeng and
               Jeff Donahue and
               Yangqing Jia and
               Kate Saenko and
               Trevor Darrell},
  title     = {One-Shot Adaptation of Supervised Deep Convolutional Models},
  journal   = {CoRR},
  volume    = {abs/1312.6204},
  year      = {2013}
}

@INPROCEEDINGS{transductive,
author={Arnold, A. and Nallapati, Ramesh and Cohen, W.W.},
booktitle={Data Mining Workshops, 2007. ICDM Workshops 2007. Seventh IEEE International Conference on},
title={A Comparative Study of Methods for Transductive Transfer Learning},
year={2007},
month={Oct},
pages={77-82}
}

@article{ben2007analysis,
  title={Analysis of representations for domain adaptation},
  author={Ben-David, Shai and Blitzer, John and Crammer, Koby and Pereira, Fernando and others},
  journal={Advances in neural information processing systems},
  volume={19},
  pages={137},
  year={2007},
  publisher={MIT}
}

@article{ben2010theory,
  title={A theory of learning from different domains},
  author={Ben-David, Shai and Blitzer, John and Crammer, Koby and Kulesza, Alex and Pereira, Fernando and Vaughan, Jennifer Wortman},
  journal={Machine Learning},
  volume={79},
  number={1-2},
  pages={151--175},
  year={2010},
  publisher={Springer}
}

@article{mansour2009domain,
  title={{Domain adaptation: Learning bounds and algorithms}},
  author={Mansour, Y. and Mohri, M. and Rostamizadeh, A.},
  journal={Arxiv preprint arXiv:0902.3430},
  year={2009}
}









%%%%

@conference{dai2007transferring,
  title={{Transferring naive Bayes classifiers for text classification}},
  author={Dai, W. and Xue, G.R. and Yang, Q. and Yu, Y.},
  booktitle={National Conference on Artificial Intelligence},
  month={July},
  pages={540--543},
  year={2007},
address="Vancouver, Canada",
 }


@inproceedings{nips07:Huang,
  author = {Huang, J. and Smola, A.J. and Gretton, A. and Borgwardt, K. and Sch\"olkopf, B.},
   booktitle = { Advances in Neural Information Processing Systems},
  title = {Correcting Sample Selection Bias by Unlabeled Data},
  volume = 19,
  year = 2007
}

@INPROCEEDINGS{Sugiyama08directimportance,
    author = {Masashi Sugiyama and Shinichi Nakajima and Hisashi Kashima and Paul Von BŸnau and Motoaki Kawanabe},
    title = {Direct importance estimation with model selection and its application to covariate shift adaptation},
    booktitle =  {Advances in Neural Information Processing Systems},
    year = {2008}
}

@INPROCEEDINGS{Ian05animproved,
    author = {Wei Fan Ian and Ian Davidson and Bianca Zadrozny and Philip S. Yu},
    title = {An Improved Categorization of Classifier's Sensitivity on Sample Selection Bias},
    booktitle = {In In Proceedings of the Fifth IEEE International Conference on Data Mining},
    year = {2005}
}

@article{gong2013connecting,
  title={Connecting the dots with landmarks: Discriminatively learning domain-invariant features for unsupervised domain adaptation},
  author={Gong, Boqing and Grauman, Kristen and Sha, Fei},
  journal={Proceedings of International Conference on Machine Learning},
  pages={153},
  year={2013}
}


%%%%

@inproceedings{Dai,
 author = {Dai, Wenyuan and Xue, Gui-Rong and Yang, Qiang and Yu, Yong},
 title = {Co-clustering Based Classification for Out-of-domain Documents},
 booktitle = {Proceedings of the 13th ACM SIGKDD International Conference on Knowledge Discovery and Data Mining},
 year = {2007},
  location = {San Jose, California, USA},
 pages = {210--219},
 numpages = {10}
 } 
 
 @inproceedings{blitzer2006domain,
  title={Domain adaptation with structural correspondence learning},
  author={Blitzer, John and McDonald, Ryan and Pereira, Fernando},
  booktitle={Proceedings of the 2006 Conference on Empirical Methods in Natural Language Processing},
  pages={120--128},
  year={2006},
  organization={Association for Computational Linguistics}
}

@inproceedings{daume2007frustratingly,
  title={Frustratingly easy domain adaptation},
  author={Daum{\'e} III, Hal},
  booktitle={Ann. Meeting of the Assoc. Computational Linguistics},
  year={2007}
}

@inproceedings{Blitzer07Learning,
author = {John Blitzer and Koby Crammer and Alex Kulesza and Fernando Pereira and Jenn Wortman},
title = {Learning bounds for domain adaptation},
booktitle = "NIPS",
year = "2008",
pages={129--136},
month="December",
address="Vancouver, Canada",
}

@ARTICLE{PanTCA, 
author={Sinno Jialin Pan and Tsang, I.W. and Kwok, J.T. and Qiang Yang}, 
journal={IEEE Trans. Neural Networks}, title={Domain Adaptation via transfer component analysis}, 
year={2011}, 
month="February", 
volume={22}, 
pages={199 -210}, 
}

@inproceedings{Evgeniou:2004,
 author = {Evgeniou, Theodoros and Pontil, Massimiliano},
 title = {Regularized Multi--task Learning},
 booktitle = {Proceedings of the Tenth ACM SIGKDD International Conference on Knowledge Discovery and Data Mining},
 series = {KDD '04},
 year = {2004},
 pages = {109--117}
} 

@inproceedings{Weinberger:2009,
 author = {Weinberger, Kilian and Dasgupta, Anirban and Langford, John and Smola, Alex and Attenberg, Josh},
 title = {Feature Hashing for Large Scale Multitask Learning},
 booktitle = {Proceedings of the 26th Annual International Conference on Machine Learning},
 series = {ICML '09},
 year = {2009},
 pages = {1113--1120}
 } 
 
 @inproceedings{duan2012learning,
  title={Learning with augmented features for heterogeneous domain adaptation},
  author={Duan, Lixin and Xu, Dong and Tsang, Ivor},
  booktitle={ICML},
  year={2012}
}

@article{GopalanLC14,
  author    = {Raghuraman Gopalan and
               Ruonan Li and
               Rama Chellappa},
  title     = {Unsupervised Adaptation Across Domain Shifts by Generating Intermediate
               Data Representations},
  journal   = {{IEEE} Trans. Pattern Anal. Mach. Intell.},
  volume    = {36},
  number    = {11},
  pages     = {2288--2302},
  year      = {2014}
}

 
 %%%%%%%%%%%
 
 @INPROCEEDINGS{Chapelle05amachine,
    author = {Olivier Chapelle and Za•d Harchaoui},
    title = {A machine learning approach to conjoint analysis},
    booktitle = {Neural Information Processing Systems 17},
    year = {2005},
    pages = {257--264}
}

@inproceedings{Yu:2005,
 author = {Yu, Kai and Tresp, Volker and Schwaighofer, Anton},
 title = {Learning Gaussian Processes from Multiple Tasks},
 booktitle = {Proceedings of the 22Nd International Conference on Machine Learning},
 series = {ICML '05},
 year = {2005},
 pages = {1012--1019}
} 

@inproceedings{Daume:2009,
 author = {Daum{\'e},III, Hal},
 title = {Bayesian Multitask Learning with Latent Hierarchies},
 booktitle = {Proceedings of the Twenty-Fifth Conference on Uncertainty in Artificial Intelligence},
 series = {UAI '09},
 year = {2009},
 pages = {135--142}
} 

@INPROCEEDINGS{Glorot11domainadaptation,
    author = {Xavier Glorot and Antoine Bordes and Yoshua Bengio},
    title = {Domain adaptation for large-scale sentiment classification: A deep learning approach},
    booktitle = {In Proceedings of the Twenty-eight International Conference on Machine Learning, ICML},
    year = {2011}
}

@article{duan2012visual,
  title={Visual event recognition in videos by learning from web data},
  author={Duan, Lixin and Xu, Dong and Tsang, Ivor Wai-Hung and Luo, Jiebo},
  journal={Pattern Analysis and Machine Intelligence, IEEE Transactions on},
  volume={34},
  number={9},
  pages={1667--1680},
  year={2012},
  publisher={IEEE}
}

@ARTICLE{Duan_PAMI,
author={Lixin Duan and Dong Xu and Tsang, I.W.-H. and Jiebo Luo},
journal={Pattern Analysis and Machine Intelligence, IEEE Transactions on},
title={Visual Event Recognition in Videos by Learning from Web Data},
year={2012},
volume={34},
number={9},
pages={1667-1680}
}

@INPROCEEDINGS{SeahTsang,
author={Chun-Wei Seah and Tsang, I.W. and Yew-Soon Ong},
booktitle={Data Mining (ICDM), 2011 IEEE 11th International Conference on},
title={Healing Sample Selection Bias by Source Classifier Selection},
year={2011},
month={Dec},
pages={577-586}
}

@inproceedings{Yang:2007,
 author = {Yang, Jun and Yan, Rong and Hauptmann, Alexander G.},
 title = {Cross-domain Video Concept Detection Using Adaptive Svms},
 booktitle = {Proceedings of the 15th International Conference on Multimedia},
 series = {MULTIMEDIA '07},
 year = {2007},
  pages = {188--197},
  publisher = {ACM}
} 

@inproceedings{Saenko:2010,
 author = {Saenko, Kate and Kulis, Brian and Fritz, Mario and Darrell, Trevor},
 title = {Adapting visual category models to new domains},
 booktitle = {ECCV},
 year = {2010},
month="September",
 pages = {213--226},
address="Heraklion, Greece",
} 

@conference{Kulis2011,
author = {B. Kulis and K. Saenko and T. Darrell},
title = {What you saw is not what you get: Domain adaptation using asymmetric kernel transforms},
booktitle ={CVPR},
year = {2011},
pages = {1785-1792},
month="June",
}



@ARTICLE{Bruzzone,
author={Bruzzone, L. and Marconcini, M.},
journal={Pattern Analysis and Machine Intelligence, IEEE Transactions on},
title={Domain Adaptation Problems: A DASVM Classification Technique and a Circular Validation Strategy},
year={2010},
month={May},
volume={32},
number={5},
pages={770-787}
}

@incollection{Qiu,
year={2012},
booktitle={Computer Visionâ ECCV 2012},
volume={7575},
series={Lecture Notes in Computer Science},
title={Domain Adaptive Dictionary Learning},
author={Qiu, Qiang and Patel, VishalM. and Turaga, Pavan and Chellappa, Rama},
pages={631-645}
}

@inproceedings{gong2012geodesic,
  title={Geodesic Flow Kernel for Unsupervised Domain Adaptation},
  author={Gong, Boqing and Shi, Yuan and Sha, Fei and Grauman, Kristen},
  booktitle={CVPR},
  year={2012}
}

@inproceedings{Wang:2011,
 author = {Wang, Chang and Mahadevan, Sridhar},
 title = {Heterogeneous Domain Adaptation Using Manifold Alignment},
 booktitle = {Proceedings of the Twenty-Second International Joint Conference on Artificial Intelligence - Volume Volume Two},
 series = {IJCAI'11},
 year = {2011},
 pages = {1541--1546}
} 

@INPROCEEDINGS{Tommasi,
author={Tommasi, T. and Caputo, B.},
booktitle={Computer Vision (ICCV), 2013 IEEE International Conference on},
title={Frustratingly Easy NBNN Domain Adaptation},
year={2013},
pages={897-904}
}

@article{HoffmanInvarant,
  author    = {Judy Hoffman and
               Erik Rodner and
               Jeff Donahue and
               Kate Saenko and
               Trevor Darrell},
  title     = {Efficient Learning of Domain-invariant Image Representations},
  journal   = {CoRR},
  volume    = {abs/1301.3224},
  year      = {2013}}

@ARTICLE{DADPM,
author={Jiaolong Xu and Ramos, S. and Vazquez, D. and Lopez, A.M.},
journal={Pattern Analysis and Machine Intelligence, IEEE Transactions on},
title={Domain Adaptation of Deformable Part-Based Models},
year={2014},
month={Dec},
volume={36},
number={12},
pages={2367-2380},
}

@incollection{Khosla,
year={2012},
booktitle={Computer Vision â€“ ECCV 2012},
volume={7572},
series={Lecture Notes in Computer Science},
title={Undoing the Damage of Dataset Bias},
author={Khosla, Aditya and Zhou, Tinghui and Malisiewicz, Tomasz and Efros, AlexeiA. and Torralba, Antonio},
pages={158-171}
}

@INPROCEEDINGS{Jhuo,
author={I-Hong Jhuo and Dong Liu and Lee, D.T. and Shih-Fu Chang},
booktitle={Computer Vision and Pattern Recognition (CVPR), 2012 IEEE Conference on},
title={Robust visual domain adaptation with low-rank reconstruction},
year={2012},
month={June},
pages={2168-2175}
}

@incollection{Tang_NIPS2012,
title = {Shifting Weights: Adapting Object Detectors from Image to Video},
author = {Kevin Tang and Vignesh Ramanathan and Li Fei-fei and Daphne Koller},
booktitle = {Advances in Neural Information Processing Systems 25},
pages = {638--646},
year = {2012}
}


%%%%%%%%%%

@BOOK{Hall,
    AUTHOR = "B. C. Hall",
    TITLE = "Lie Groups, Lie Algebras, and Representations: An Elementary Introduction",
    PUBLISHER = "Springer",
    YEAR = "2003"   }
    
@ARTICLE{Edelman,
    AUTHOR = "T.Arias and A.Edelman and S. Smith",
    TITLE = "The geometry of algorithms with orthogonality constraints",
    JOURNAL = "SIAM Journal of Matrix Analysis and Applications",
    VOLUME = {20},
   PAGES = {303-353},
    YEAR = {1998}
    }
    
    @incollection{Bing,
 title = {Exploiting weakly-labeled Web images to improve object classification: A domain adaptation approach},
 author = {Alessandro Bergamo and Lorenzo Torresani},
 booktitle = {NIPS},
 pages = {181--189},
month="December",
 year = {2010},
address="Vancouver, Canada",
}

@article{Bay:2008:SRF,
 author = {Bay, Herbert and Ess, Andreas and Tuytelaars, Tinne and Van Gool, Luc},
 title = {Speeded-Up robust features {(SURF)}},
 journal = {CVIU},
 volume = {110},
 month = {June},
 year = {2008},
 pages = {346--359},
} 

@incollection{KNet,
title = {ImageNet Classification with Deep Convolutional Neural Networks},
author = {Alex Krizhevsky and Sutskever, Ilya and Geoffrey E. Hinton},
booktitle = {Advances in Neural Information Processing Systems 25},
pages = {1097--1105},
year = {2012}
}

@article{ILSVRC15,
Author = {Olga Russakovsky and Jia Deng and Hao Su and Jonathan Krause and Sanjeev Satheesh and Sean Ma and Zhiheng Huang and Andrej Karpathy and Aditya Khosla and Michael Bernstein and Alexander C. Berg and Li Fei-Fei},
Title = {{ImageNet Large Scale Visual Recognition Challenge}},
Year = {2015},
journal   = {International Journal of Computer Vision (IJCV)}
}

@inproceedings{MHAD,
  author    = {Ferda Ofli and
               Rizwan Chaudhry and
               Gregorij Kurillo and
               Ren{\'{e}} Vidal and
               Ruzena Bajcsy},
  title     = {Berkeley {MHAD:} {A} comprehensive Multimodal Human Action Database},
  booktitle = {{IEEE} Workshop on Applications of Computer Vision, {WACV}},
  pages     = {53--60},
  year      = {2013}
}

%%%

@inproceeding{Hoffman_ECCV2012,
author={Judy Hoffman and Brian Kulis and Trevor Darrell and Kate Saenko},
title={Discovering Latent Domains for Multisource Domain Adaptation},
booktitle={European Conference on Computer Vision (ECCV)},
year={2012},
}

@inproceedings{duan2009domain,
  title={Domain adaptation from multiple sources via auxiliary classifiers},
  author={Duan, Lixin and Tsang, Ivor W and Xu, Dong and Chua, Tat-Seng},
  booktitle={Proceedings of the 26th Annual International Conference on Machine Learning},
  pages={289--296},
  year={2009}
}

@INPROCEEDINGS{HOGHOF,
author={Laptev, I. and Marszalek, M. and Schmid, C. and Rozenfeld, B.},
booktitle={Computer Vision and Pattern Recognition, 2008. CVPR 2008. IEEE Conference on},
title={Learning realistic human actions from movies},
year={2008},
month={June},
pages={1-8}
}

@INPROCEEDINGS{Farhadi:crossview,
    AUTHOR = "A. Farhadi and M.K. Tabrizi",
    TITLE = "Learning to recognize activities from the wrong view point",
    BOOKTITLE = "European Conference on Computer Vision (ECCV)",
    YEAR = {2008}   } 
     
@INPROCEEDINGS{Liu:crossview,
    AUTHOR = "J. Liu and M. Shah and B. Kuipersy and S. Savarese",
    TITLE = "Cross-View Action Recognition via View Knowledge Transfer",
    BOOKTITLE = "Computer Vision and Pattern Recognition (CVPR)",
    YEAR = {2011}   } 

